<record><leader>00000cas a22000007a 4500</leader><controlfield tag="001">12793210</controlfield><controlfield tag="008">851114d18951896wiuwr ne      0    0eng d</controlfield><datafield ind1=" " ind2=" " tag="010"><subfield code="a">sn 85041378 </subfield></datafield><datafield ind1=" " ind2=" " tag="040"><subfield code="a">NPV</subfield><subfield code="b">eng</subfield><subfield code="c">NPV</subfield><subfield code="d">OCLCQ</subfield></datafield><datafield ind1=" " ind2=" " tag="042"><subfield code="a">msc</subfield></datafield><datafield ind1=" " ind2=" " tag="045"><subfield code="a">w9w9</subfield></datafield><datafield ind1=" " ind2=" " tag="052"><subfield code="a">4123</subfield><subfield code="b">D5</subfield></datafield><datafield ind1="0" ind2="0" tag="245"><subfield code="a">Reeseville weekly review.</subfield></datafield><datafield ind1="1" ind2="3" tag="246"><subfield code="a">Weekly Reeseville review</subfield></datafield><datafield ind1="1" ind2="3" tag="246"><subfield code="a">Weekly review</subfield></datafield><datafield ind1=" " ind2=" " tag="260"><subfield code="a">Reeseville, Wis. :</subfield><subfield code="b">H.L. Snow,</subfield><subfield code="c">1895-</subfield></datafield><datafield ind1=" " ind2=" " tag="300"><subfield code="a">v. :</subfield><subfield code="b">ill.</subfield></datafield><datafield ind1=" " ind2=" " tag="310"><subfield code="a">Weekly</subfield></datafield><datafield ind1="0" ind2=" " tag="362"><subfield code="a">Seventh year, whole no. 335 (July 12, 1895)-</subfield></datafield><datafield ind1="1" ind2=" " tag="362"><subfield code="a">Ceased in Dec., 1896.</subfield></datafield><datafield ind1=" " ind2=" " tag="500"><subfield code="a">Editor: H.L. Snow, July 12, 1895-&lt;Dec. 17, 1896&gt;.</subfield></datafield><datafield ind1=" " ind2=" " tag="530"><subfield code="a">Available on microfilm from The State Historical Society of Wisconsin.</subfield></datafield><datafield ind1=" " ind2=" " tag="752"><subfield code="a">United States</subfield><subfield code="b">Wisconsin</subfield><subfield code="c">Dodge</subfield><subfield code="d">Reeseville.</subfield></datafield><datafield ind1="0" ind2="0" tag="780"><subfield code="t">Review (Reeseville, Wis.)</subfield><subfield code="w">(DLC)sn 85041377</subfield></datafield><datafield ind1="0" ind2="0" tag="785"><subfield code="t">Reeseville review</subfield><subfield code="w">(DLC)sn 85041379</subfield></datafield><datafield ind1="1" ind2=" " tag="029"><subfield code="a">AU@</subfield><subfield code="b">000025814051</subfield></datafield></record>